<record><leader>00000cas a22000007a 4500</leader><controlfield tag="001">85839153</controlfield><controlfield tag="008">070312c20079999mnucr ne      0   a0eng c</controlfield><datafield ind1=" " ind2=" " tag="010"><subfield code="a">  2007212064</subfield></datafield><datafield ind1=" " ind2=" " tag="040"><subfield code="a">NSD</subfield><subfield code="b">eng</subfield><subfield code="c">NSD</subfield><subfield code="d">OCLCQ</subfield></datafield><datafield ind1=" " ind2=" " tag="012"><subfield code="m">y</subfield></datafield><datafield ind1="1" ind2=" " tag="022"><subfield code="a">1936-2250</subfield><subfield code="l">1936-2250</subfield><subfield code="2">1</subfield></datafield><datafield ind1=" " ind2=" " tag="032"><subfield code="a">627360</subfield><subfield code="b">USPS</subfield></datafield><datafield ind1=" " ind2=" " tag="042"><subfield code="a">nsdp</subfield><subfield code="a">msc</subfield></datafield><datafield ind1="1" ind2="0" tag="050"><subfield code="a">ISSN RECORD</subfield></datafield><datafield ind1="0" ind2=" " tag="130"><subfield code="a">Thief River Falls times (2007)</subfield></datafield><datafield ind1=" " ind2="4" tag="222"><subfield code="a">The Thief River Falls times</subfield><subfield code="b">(2007)</subfield></datafield><datafield ind1="1" ind2="4" tag="245"><subfield code="a">The Thief River Falls times.</subfield></datafield><datafield ind1=" " ind2=" " tag="260"><subfield code="a">Thief River Falls, Minn. :</subfield><subfield code="b">Thief River Falls Times, Inc.</subfield></datafield><datafield ind1=" " ind2=" " tag="300"><subfield code="a">v.</subfield></datafield><datafield ind1=" " ind2=" " tag="310"><subfield code="a">Weekly</subfield></datafield><datafield ind1="1" ind2=" " tag="362"><subfield code="a">Began in 2007?</subfield></datafield><datafield ind1=" " ind2=" " tag="588"><subfield code="a">Description based on surrogate of: Vol. 96, issue no. 10 (Mar. 7, 2007).</subfield></datafield><datafield ind1=" " ind2=" " tag="752"><subfield code="a">United States</subfield><subfield code="b">Minnesota</subfield><subfield code="c">Pennington</subfield><subfield code="d">Thief River Falls.</subfield></datafield><datafield ind1="0" ind2="0" tag="780"><subfield code="t">Times (Thief River Falls, Minn.)</subfield><subfield code="x">1057-6827</subfield><subfield code="w">(DLC)sn 91000421</subfield></datafield><datafield ind1="1" ind2=" " tag="029"><subfield code="a">AU@</subfield><subfield code="b">000041335952</subfield></datafield></record>